@ARTICLE{optimal_damping_ratio,
  author={Jacobs, O.},
  journal={IEEE Transactions on Automatic Control}, 
  title={The damping ratio of an optimal control system}, 
  year={1965},
  volume={10},
  number={4},
  pages={473-476},
  doi={10.1109/TAC.1965.1098213}}
